<?xml version="1.0" encoding="UTF-8"?><collection xmlns="http://www.loc.gov/MARC21/slim"><record><leader>00322nam--2200121-i-4500</leader><controlfield tag="001">000032431</controlfield><controlfield tag="002">20161230</controlfield><controlfield tag="005">20161230201039</controlfield><controlfield tag="008">060222s1000------------r-----000-0-eng-d</controlfield><datafield ind1=" " ind2=" " tag="100"><subfield code="a">Mitchell, H.K., Wagner, R.P</subfield></datafield><datafield ind1=" " ind2=" " tag="245"><subfield code="a">Genetics and metabolism</subfield></datafield><datafield ind1=" " ind2=" " tag="260"><subfield code="a">New York, John Wiley &amp; Sons, Inc., 1955, Ix + 444p</subfield></datafield><datafield ind1=" " ind2=" " tag="852"><subfield code="a">16068</subfield></datafield></record></collection>